@Article{educacion,
     author =    {Milagros Rodríguez Saeta}
     title =     {Aproximación de Pi}
     number = 4,
    note = {http://recursostic.educacion.es/descartes/web/materiales_didacticos/aproximacion_pi_Arquimedes/index.htm}
}

@Book{wikipedia,
  title={Número PI},
  author={Wikipedia}
  note = {http://es.wikipedia.org/wiki/N%C3%BAmero_%CF%80}
}



